% This file was created with JabRef 2.3.1.
% Encoding: ISO8859_1

% Publications from this thesis
@inproceedings{mir2022type4py,
  title={Type4py: Practical deep similarity learning-based type inference for python},
  author={Mir, Amir M and Lato{\v{s}}kinas, Evaldas and Proksch, Sebastian and Gousios, Georgios},
  booktitle={Proceedings of the 44th International Conference on Software Engineering (ICSE'22)},
  pages={2241--2252},
  year={2022}
}

@inproceedings{mir2023effect,
  title={On the effect of transitivity and granularity on vulnerability propagation in the maven ecosystem},
  author={Mir, Amir M and Keshani, Mehdi and Proksch, Sebastian},
  booktitle={2023 IEEE International Conference on Software Analysis, Evolution and Reengineering (SANER)},
  pages={201--211},
  year={2023},
  organization={IEEE}
}

@inproceedings{mir2024effectiveness,
  title={On the Effectiveness of Machine Learning-based Call Graph Pruning: An Empirical Study},
  author={Mir, Amir M and Keshani, Mehdi and Proksch, Sebastian},
  booktitle={The 21st International Conference on Mining Software Repositories},
  year={2024}
}

% End of Publications from this thesis

% Type4Py ref.

% Journals

% First the Full Name is given, then the abbreviation used in the AMS Math
% Reviews, with an indication if it could not be found there.
% Note the 2nd overwrites the 1st, so swap them if you want the full name.

@inproceedings{pradel2019typewriter,
	title={{Typewriter: Neural type prediction with search-based validation}},
	author={Pradel, Michael and Gousios, Georgios and Liu, Jason and Chandra, Satish},
	booktitle={Proceedings of the 28th ACM Joint Meeting on European Software Engineering Conference and Symposium on the Foundations of Software Engineering},
	pages={209--220},
	year={2020}
}

@inproceedings{hellendoorn2018deep,
	title={{Deep learning type inference}},
	author={Hellendoorn, Vincent J and Bird, Christian and Barr, Earl T and Allamanis, Miltiadis},
	booktitle={Proceedings of the 26th ACM Joint Meeting on European Software Engineering Conference and Symposium on the Foundations of Software Engineering},
	pages={152--162},
	year={2018}
}

@article{sennrich2015neural,
	title={{Neural machine translation of rare words with subword units}},
	author={Sennrich, Rico and Haddow, Barry and Birch, Alexandra},
	journal={arXiv preprint arXiv:1508.07909},
	year={2015}
}

@article{karampatsis2020big,
	title={{Big Code!= Big Vocabulary: Open-Vocabulary Models for Source Code}},
	author={Karampatsis, Rafael-Michael and Babii, Hlib and Robbes, Romain and Sutton, Charles and Janes, Andrea},
	journal={arXiv preprint arXiv:2003.07914},
	year={2020}
}

@inproceedings{hellendoorn2017deep,
	title={{Are deep neural networks the best choice for modeling source code?}},
	author={Hellendoorn, Vincent J and Devanbu, Premkumar},
	booktitle={Proceedings of the 2017 11th Joint Meeting on Foundations of Software Engineering},
	pages={763--773},
	year={2017}
}

@inproceedings{raychev2015predicting,
	title={{Predicting program properties from big code}},
	author={Raychev, Veselin and Vechev, Martin and Krause, Andreas},
	booktitle={ACM SIGPLAN Notices},
	volume={50},
	number={1},
	pages={111--124},
	year={2015},
	organization={ACM}
}

@inproceedings{malik2019nl2type,
	title={{NL2Type: inferring JavaScript function types from natural language information}},
	author={Malik, Rabee Sohail and Patra, Jibesh and Pradel, Michael},
	booktitle={2019 IEEE/ACM 41st International Conference on Software Engineering (ICSE)},
	pages={304--315},
	year={2019},
	organization={IEEE}
}

@inproceedings{allamanis2018adverse,
	title={The adverse effects of code duplication in machine learning models of code},
	author={Allamanis, Miltiadis},
	booktitle={Proceedings of the 2019 ACM SIGPLAN International Symposium on New Ideas, New Paradigms, and Reflections on Programming and Software},
	pages={143--153},
	year={2019}
}

@inproceedings{allamanis2020typilus,
	title={{Typilus: neural type hints}},
	author={Allamanis, Miltiadis and Barr, Earl T and Ducousso, Soline and Gao, Zheng},
	booktitle={Proceedings of the 41st ACM SIGPLAN Conference on Programming Language Design and Implementation},
	pages={91--105},
	year={2020}
}

@article{pandi2020opttyper,
	title={{OptTyper: Probabilistic Type Inference by Optimising Logical and Natural Constraints}},
	author={Pandi, Irene Vlassi and Barr, Earl T and Gordon, Andrew D and Sutton, Charles},
	journal={arXiv preprint arXiv:2004.00348},
	year={2020}
}

% Work on type inference

@article{salib2004faster,
	title={{Faster than C: Static type inference with Starkiller}},
	author={Salib, Michael},
	journal={in PyCon Proceedings, Washington DC},
	pages={2--26},
	year={2004}
}

@article{maia2012static,
	title={{A static type inference for python}},
	author={Maia, Eva and Moreira, Nelma and Reis, Rog{\'e}rio},
	journal={Proceedings of the 6th Workshop on Dynamic Languages and Applications},
	volume={5},
	number={1},
	pages={1},
	year={2012}
}

@inproceedings{hassan2018maxsmt,
	title={{Maxsmt-based type inference for python 3}},
	author={Hassan, Mostafa and Urban, Caterina and Eilers, Marco and M{\"u}ller, Peter},
	booktitle={International Conference on Computer Aided Verification},
	pages={12--19},
	year={2018},
	organization={Springer}
}

@inproceedings{furr2009static,
	title={{Static type inference for Ruby}},
	author={Furr, Michael and An, Jong-hoon and Foster, Jeffrey S and Hicks, Michael},
	booktitle={Proceedings of the 2009 ACM symposium on Applied Computing},
	pages={1859--1866},
	year={2009}
}

@article{van2014pep,
	title={{PEP 484--type hints}},
	author={Van Rossum, Guido and Lehtosalo, Jukka and Langa, Lukasz},
	journal={Index of Python Enhancement Proposals},
	year={2014}
}

@misc{lehtosalo2017mypy,
	title={{Mypy-optional static typing for python}},
	author={Lehtosalo, J and others},
	year={2017}
}

@inproceedings{mikolov2013distributed,
	title={{Distributed representations of words and phrases and their compositionality}},
	author={Mikolov, Tomas and Sutskever, Ilya and Chen, Kai and Corrado, Greg S and Dean, Jeff},
	booktitle={Advances in neural information processing systems},
	pages={3111--3119},
	year={2013}
}

@article{hochreiter1997long,
	title={{Long short-term memory}},
	author={Hochreiter, Sepp and Schmidhuber, J{\"u}rgen},
	journal={Neural computation},
	volume={9},
	number={8},
	pages={1735--1780},
	year={1997},
	publisher={MIT Press}
}

@article{rao2018lstm,
	title={{LSTM with sentence representations for document-level sentiment classification}},
	author={Rao, Guozheng and Huang, Weihang and Feng, Zhiyong and Cong, Qiong},
	journal={Neurocomputing},
	volume={308},
	pages={49--57},
	year={2018},
	publisher={Elsevier}
}

@inproceedings{cheng2016person,
	title={{Person re-identification by multi-channel parts-based cnn with improved triplet loss function}},
	author={Cheng, De and Gong, Yihong and Zhou, Sanping and Wang, Jinjun and Zheng, Nanning},
	booktitle={2016 IEEE Conference on Computer Vision and Pattern Recognition (CVPR)},
	pages={1335--1344},
	year={2016}
}

@article{maaten2008visualizing,
	title={{Visualizing data using t-SNE}},
	author={Maaten, Laurens van der and Hinton, Geoffrey},
	journal={Journal of machine learning research},
	volume={9},
	number={Nov},
	pages={2579--2605},
	year={2008}
}

@inproceedings{paszke2019pytorch,
	title={{Pytorch: An imperative style, high-performance deep learning library}},
	author={Paszke, Adam and Gross, Sam and Massa, Francisco and Lerer, Adam and Bradbury, James and Chanan, Gregory and Killeen, Trevor and Lin, Zeming and Gimelshein, Natalia and Antiga, Luca and others},
	booktitle={Advances in neural information processing systems},
	pages={8026--8037},
	year={2019}
}

@article{schuster1997bidirectional,
	title={{Bidirectional recurrent neural networks}},
	author={Schuster, Mike and Paliwal, Kuldip K},
	journal={IEEE transactions on Signal Processing},
	volume={45},
	number={11},
	pages={2673--2681},
	year={1997},
	publisher={Ieee}
}

@article{srivastava2014dropout,
	title={{Dropout: a simple way to prevent neural networks from overfitting}},
	author={Srivastava, Nitish and Hinton, Geoffrey and Krizhevsky, Alex and Sutskever, Ilya and Salakhutdinov, Ruslan},
	journal={The journal of machine learning research},
	volume={15},
	number={1},
	pages={1929--1958},
	year={2014},
	publisher={JMLR. org}
}

@article{salton1988term,
	title={{Term-weighting approaches in automatic text retrieval}},
	author={Salton, Gerard and Buckley, Christopher},
	journal={Information processing \& management},
	volume={24},
	number={5},
	pages={513--523},
	year={1988},
	publisher={Elsevier}
}

@article{cover1967nearest,
	title={{Nearest neighbor pattern classification}},
	author={Cover, Thomas and Hart, Peter},
	journal={IEEE transactions on information theory},
	volume={13},
	number={1},
	pages={21--27},
	year={1967},
	publisher={IEEE}
}

@inproceedings{loper2002nltk,
	title={{NLTK: The Natural Language Toolkit}},
	author={Loper, Edward and Bird, Steven},
	booktitle={Proceedings of the ACL-02 Workshop on Effective Tools and Methodologies for Teaching Natural Language Processing and Computational Linguistics},
	pages={63--70},
	year={2002}
}

@book{tan2018-data,
	author = {Tan, Pang-Ning and Steinbach, Michael and Karpatne, Anuj and Kumar, Vipin},
	title = {{Introduction to Data Mining (2nd Edition)}},
	year = {2018},
	isbn = {0133128903},
	publisher = {Pearson},
	edition = {2nd}
}

@inproceedings{chopra2005learning,
	title={{Learning a similarity metric discriminatively, with application to face verification}},
	author={Chopra, Sumit and Hadsell, Raia and LeCun, Yann},
	booktitle={2005 IEEE Computer Society Conference on Computer Vision and Pattern Recognition (CVPR'05)},
	volume={1},
	pages={539--546},
	year={2005},
	organization={IEEE}
}

@inproceedings{liao2017triplet,
	title={{Triplet-based deep similarity learning for person re-identification}},
	author={Liao, Wentong and Ying Yang, Michael and Zhan, Ni and Rosenhahn, Bodo},
	booktitle={Proceedings of the IEEE International Conference on Computer Vision Workshops},
	pages={385--393},
	year={2017}
}

@article{kingma2014adam,
	title={{Adam: A method for stochastic optimization}},
	author={Kingma, Diederik P and Ba, Jimmy},
	journal={arXiv preprint arXiv:1412.6980},
	year={2014}
}

@InProceedings{xu2016python,
	author       = {Xu, Zhaogui and Zhang, Xiangyu and Chen, Lin and Pei, Kexin and Xu, Baowen},
	booktitle    = {Proceedings of the 2016 24th ACM SIGSOFT International Symposium on Foundations of Software Engineering},
	title        = {{Python probabilistic type inference with natural language support}},
	year         = {2016},
	organization = {ACM},
	pages        = {607--618},
	groups       = {Learning-based Type Inference},
}

@article{hanenberg2014empirical,
	title={{An empirical study on the impact of static typing on software maintainability}},
	author={Hanenberg, Stefan and Kleinschmager, Sebastian and Robbes, Romain and Tanter, {\'E}ric and Stefik, Andreas},
	journal={Empirical Software Engineering},
	volume={19},
	number={5},
	pages={1335--1382},
	year={2014},
	publisher={Springer}
}

@inproceedings{ray2014large,
	title={{A large scale study of programming languages and code quality in github}},
	author={Ray, Baishakhi and Posnett, Daryl and Filkov, Vladimir and Devanbu, Premkumar},
	booktitle={Proceedings of the 22nd ACM SIGSOFT International Symposium on Foundations of Software Engineering},
	pages={155--165},
	year={2014}
}

@InProceedings{gao2017type,
	author       = {Gao, Zheng and Bird, Christian and Barr, Earl T},
	booktitle    = {2017 IEEE/ACM 39th International Conference on Software Engineering (ICSE)},
	title        = {{To type or not to type: quantifying detectable bugs in JavaScript}},
	year         = {2017},
	organization = {IEEE},
	pages        = {758--769},
	groups       = {To be read},
}

@book{JurafskyNLP,
	author = {Jurafsky, Daniel and Martin, James H.},
	title = {Speech and Language Processing (2nd Edition)},
	year = {2009},
	isbn = {0131873210},
	publisher = {Prentice-Hall, Inc.},
	address = {USA}
}

@article{liu2020hienn,
	title={{HieNN-DWE: A hierarchical neural network with dynamic word embeddings for document level sentiment classification}},
	author={Liu, Fagui and Zheng, Lailei and Zheng, Jingzhong},
	journal={Neurocomputing},
	volume={403},
	pages={21--32},
	year={2020},
	publisher={Elsevier}
}

@article{zheng2019hierarchical,
	title={{Hierarchical neural representation for document classification}},
	author={Zheng, Jianming and Cai, Fei and Chen, Wanyu and Feng, Chong and Chen, Honghui},
	journal={Cognitive Computation},
	volume={11},
	number={2},
	pages={317--327},
	year={2019},
	publisher={Springer}
}

@inproceedings{du2015hierarchical,
	title={{Hierarchical recurrent neural network for skeleton based action recognition}},
	author={Du, Yong and Wang, Wei and Wang, Liang},
	booktitle={2015 IEEE Conference on Computer Vision and Pattern Recognition (CVPR)},
	pages={1110--1118},
	year={2015}
}

@electronic{ieeespec2019,
	title = {{IEEE Spectrum's the Top Programming Languages 2021}},
	howpublished  = {\url{https://spectrum.ieee.org/top-programming-languages}},
	note={Accessed on: 2022-02-07}
}

@electrnoic{pytype,
	title = {{PyType}},
	howpublished  = {\url{https://github.com/google/pytype}},
	note={Accessed on: 2022-02-07}
}

@electronic{pyright,
	title = {{PyRight}},
	howpublished  = {\url{https://github.com/microsoft/pyright}},
	note={Accessed on: 2022-02-07}
}

@electronic{pyre,
	title = {{Pyre: A performant type-checker for Python 3}},
	howpublished  = {\url{https://pyre-check.org/}},
	note={Accessed on: 2022-02-07}
}

@electronic{mypy,
	title = {{Mypy: A static type checker for Python 3}},
	howpublished  = {\url{https://mypy.readthedocs.io/}},
	note={Accessed on: 2022-02-07}
}

@electronic{libcst,
	title = {{LibCST: A concrete syntax tree parser and serializer library for Python}},
	howpublished  = {\url{https://libcst.readthedocs.io/}},
	note={Accessed on: 2022-02-07}
}

@electronic{cd4py,
	title = {{CD4Py: Code De-Duplication for Python}},
	howpublished  = {\url{https://github.com/saltudelft/CD4Py}},
	note={Accessed on: 2022-02-07}
}

@inproceedings{wei2019lambdanet,
	title={{LambdaNet: Probabilistic Type Inference using Graph Neural Networks}},
	author={Wei, Jiayi and Goyal, Maruth and Durrett, Greg and Dillig, Isil},
	booktitle={International Conference on Learning Representations},
	year={2019}
}

@article{williams1989learning,
	title={{A learning algorithm for continually running fully recurrent neural networks}},
	author={Williams, Ronald J and Zipser, David},
	journal={Neural computation},
	volume={1},
	number={2},
	pages={270--280},
	year={1989},
	publisher={MIT Press}
}

@book{goodfellow2016deep,
	title={{Deep learning}},
	author={Goodfellow, Ian and Bengio, Yoshua and Courville, Aaron and Bengio, Yoshua},
	volume={1},
	year={2016},
	publisher={MIT press Cambridge}
}

@inproceedings{stuchlik2011static,
	title={{Static vs. dynamic type systems: an empirical study about the relationship between type casts and development time}},
	author={Stuchlik, Andreas and Hanenberg, Stefan},
	booktitle={Proceedings of the 7th symposium on Dynamic languages},
	pages={97--106},
	year={2011}
}

@InProceedings{ore2018assessing,
	author    = {Ore, John-Paul and Elbaum, Sebastian and Detweiler, Carrick and Karkazis, Lambros},
	booktitle = {Proceedings of the 33rd ACM/IEEE International Conference on Automated Software Engineering},
	title     = {{Assessing the type annotation burden}},
	year      = {2018},
	pages     = {190--201},
	groups    = {To be read, Type Inference},
}

@article{ben2019demystifying,
	title={{Demystifying parallel and distributed deep learning: An in-depth concurrency analysis}},
	author={Ben-Nun, Tal and Hoefler, Torsten},
	journal={ACM Computing Surveys (CSUR)},
	volume={52},
	number={4},
	pages={1--43},
	year={2019},
	publisher={ACM New York, NY, USA}
}

@electronic{annoy,
	title = {{Annoy}},
	howpublished  = {\url{https://github.com/spotify/annoy}},
	note={Accessed on: 2022-02-08}
}

@misc{onnxruntime,
	title={{ONNX Runtime}},
	author={ONNX Runtime developers},
	year={2021},
	howpublished={\url{https://onnxruntime.ai/}}
}

@electronic{typilus,
	title = {{Typilus' public implementation}},
	howpublished  = {\url{https://github.com/typilus/typilus}},
	note={Accessed on: 2022-02-08}
}

@electronic{vscodet4py,
	title = {{Type4Py's Visual Studio Code extension}},
	howpublished  = {\url{https://marketplace.visualstudio.com/items?itemName=saltud.type4py}},
	note={Accessed on: 2022-02-08}
}

@electronic{libsa4py,
	title = {{LibSA4Py: Light-weight static analysis for extracting type hints and features}},
	howpublished  = {\url{https://github.com/saltudelft/libsa4py}},
	note={Accessed on: 2022-02-08}
}

@book{manning2008introduction,
	title={{Introduction to information retrieval}},
	author={Manning, Christopher D and Sch{\"u}tze, Hinrich and Raghavan, Prabhakar},
	year={2008},
	publisher={Cambridge university press}
}

@phdthesis{pavlinovic2019leveraging,
	title={{Leveraging Program Analysis for Type Inference}},
	author={Pavlinovic, Zvonimir},
	year={2019},
	school={New York University}
}

@phdthesis{madsen2015static,
	author       = {Madsen, Magnus}, 
	title        = {{Static analysis of dynamic languages}},
	school       = {Aarhus University},
	year         = 2015
}

@inproceedings{parnin2011automated,
	title={{Are automated debugging techniques actually helping programmers?}},
	author={Parnin, Chris and Orso, Alessandro},
	booktitle={Proceedings of the 2011 international symposium on software testing and analysis},
	pages={199--209},
	year={2011}
}

@inproceedings{alon2020bottleneck,
	title={On the Bottleneck of Graph Neural Networks and its Practical Implications},
	author={Alon, Uri and Yahav, Eran},
	booktitle={International Conference on Learning Representations},
	year={2020}
}

@inproceedings{vinyals2015pointer,
	title={{Pointer networks}},
	author={Vinyals, Oriol and Fortunato, Meire and Jaitly, Navdeep},
	booktitle={Advances in neural information processing systems},
	pages={2692--2700},
	year={2015}
}

@inproceedings{milojkovic2017exploiting,
	title={{Exploiting type hints in method argument names to improve lightweight type inference}},
	author={Milojkovic, Nevena and Ghafari, Mohammad and Nierstrasz, Oscar},
	booktitle={2017 IEEE/ACM 25th International Conference on Program Comprehension (ICPC)},
	pages={77--87},
	year={2017},
	organization={IEEE}
}

@inproceedings{hindle2012naturalness,
	title={{On the naturalness of software}},
	author={Hindle, Abram and Barr, Earl T and Su, Zhendong and Gabel, Mark and Devanbu, Premkumar},
	booktitle={2012 34th International Conference on Software Engineering (ICSE)},
	pages={837--847},
	year={2012},
	organization={IEEE}
}

@inproceedings{mt4py2021,
	author = {Mir, Amir M. and Latoskinas, Evaldas and Gousios, Georgios},
	booktitle = {IEEE/ACM 18th International Conference on Mining Software Repositories (MSR)},
	title = {ManyTypes4Py: A Benchmark Python Dataset for Machine Learning-Based Type Inference},
	year = {2021},
	pages = {585-589},
	doi = {10.1109/MSR52588.2021.00079},
	publisher = {IEEE Computer Society},
	month = {May}
}

@article{zhou2018brief,
	title={{A brief introduction to weakly supervised learning}},
	author={Zhou, Zhi-Hua},
	journal={National science review},
	volume={5},
	number={1},
	pages={44--53},
	year={2018},
	publisher={Oxford University Press}
}

@article{lopes2017dejavu,
	title={{D{\'e}j{\`a}Vu: a map of code duplicates on GitHub}},
	author={Lopes, Cristina V and Maj, Petr and Martins, Pedro and Saini, Vaibhav and Yang, Di and Zitny, Jakub and Sajnani, Hitesh and Vitek, Jan},
	journal={Proceedings of the ACM on Programming Languages},
	volume={1},
	number={OOPSLA},
	pages={1--28},
	year={2017},
	publisher={ACM New York, NY, USA}
}

@article{khan2021empirical,
	title={An Empirical Study of Type-Related Defects in Python Projects},
	author={Khan, Faizan and Chen, Boqi and Varro, Daniel and Mcintosh, Shane},
	journal={IEEE Transactions on Software Engineering},
	year={2021},
	publisher={IEEE}
}

@inproceedings{rak2020python,
	title={Python 3 types in the wild: a tale of two type systems},
	author={Rak-amnouykit, Ingkarat and McCrevan, Daniel and Milanova, Ana and Hirzel, Martin and Dolby, Julian},
	booktitle={Proceedings of the 16th ACM SIGPLAN International Symposium on Dynamic Languages},
	pages={57--70},
	year={2020}
}

@article{garcia2015effect,
	title={Effect of label noise in the complexity of classification problems},
	author={Garcia, Lu{\'\i}s PF and de Carvalho, Andr{\'e} CPLF and Lorena, Ana C},
	journal={Neurocomputing},
	volume={160},
	pages={108--119},
	year={2015},
	publisher={Elsevier}
}

@inproceedings{liu2018effective,
	title={Effective API recommendation without historical software repositories},
	author={Liu, Xiaoyu and Huang, LiGuo and Ng, Vincent},
	booktitle={Proceedings of the 33rd ACM/IEEE International Conference on Automated Software Engineering},
	pages={282--292},
	year={2018}
}

@inproceedings{he2021pyart,
	title={PyART: Python API Recommendation in Real-Time},
	author={He, Xincheng and Xu, Lei and Zhang, Xiangyu and Hao, Rui and Feng, Yang and Xu, Baowen},
	booktitle={2021 IEEE/ACM 43rd International Conference on Software Engineering (ICSE)},
	pages={1634--1645},
	year={2021},
	organization={IEEE}
}

@inproceedings{jesse2021learning,
	title={Learning type annotation: is big data enough?},
	author={Jesse, Kevin and Devanbu, Premkumar T and Ahmed, Toufique},
	booktitle={Proceedings of the 29th ACM Joint Meeting on European Software Engineering Conference and Symposium on the Foundations of Software Engineering},
	pages={1483--1486},
	year={2021}
}

% End of Type4Py ref.

% SANER'23 paper ref.
@inproceedings{vuldata7,
  title={Enabling the continous analysis of security vulnerabilities with vuldata7},
  author={Jimenez, Matthieu and Le Traon, Yves and Papadakis, Mike},
  booktitle={IEEE International Working Conference on Source Code Analysis and Manipulation},
  year={2018}
}

% non-uniform reporting
@inproceedings{impactoss,
  title={Impact assessment for vulnerabilities in open-source software libraries},
  author={Plate, Henrik and Ponta, Serena Elisa and Sabetta, Antonino},
  booktitle={2015 IEEE International Conference on Software Maintenance and Evolution (ICSME)},
  pages={411--420},
  year={2015},
  organization={IEEE}
}

@inproceedings{alfadel2021use,
	title={On the Use of Dependabot Security Pull Requests},
	author={Alfadel, Mahmoud and Costa, Diego Elias and Shihab, Emad and Mkhallalati, Mouafak},
	booktitle={2021 IEEE/ACM 18th International Conference on Mining Software Repositories (MSR)},
	pages={254--265},
	year={2021},
	organization={IEEE}
}

@inproceedings{decan2018impact,
	title={On the impact of security vulnerabilities in the npm package dependency network},
	author={Decan, Alexandre and Mens, Tom and Constantinou, Eleni},
	booktitle={Proceedings of the 15th international conference on mining software repositories},
	pages={181--191},
	year={2018}
}

@article{alqahtani2016tracing,
	title={Tracing known security vulnerabilities in software repositories--A Semantic Web enabled modeling approach},
	author={Alqahtani, Sultan S and Eghan, Ellis E and Rilling, Juergen},
	journal={Science of Computer Programming},
	volume={121},
	pages={153--175},
	year={2016},
	publisher={Elsevier}
}

% code centric
@inproceedings{hejderup2018software,
	title={Software ecosystem call graph for dependency management},
	author={Hejderup, Joseph and van Deursen, Arie and Gousios, Georgios},
	booktitle={2018 IEEE/ACM 40th International Conference on Software Engineering: New Ideas and Emerging Technologies Results (ICSE-NIER)},
	pages={101--104},
	year={2018},
	organization={IEEE}
}

@inproceedings{codecentric,
  title={Beyond metadata: Code-centric and usage-based analysis of known vulnerabilities in open-source software},
  author={Ponta, Serena Elisa and Plate, Henrik and Sabetta, Antonino},
  booktitle={2018 IEEE International Conference on Software Maintenance and Evolution (ICSME)},
  pages={449--460},
  year={2018},
  organization={IEEE}
}

@article{ponta2020detection,
	title={Detection, assessment and mitigation of vulnerabilities in open source dependencies},
	author={Ponta, Serena Elisa and Plate, Henrik and Sabetta, Antonino},
	journal={Empirical Software Engineering},
	volume={25},
	number={5},
	pages={3175--3215},
	year={2020},
	publisher={Springer}
}

% End of code centric

% Vuln. datasets
@inproceedings{sapcurated,
  title={A manually-curated dataset of fixes to vulnerabilities of open-source software},
  author={Ponta, Serena Elisa and Plate, Henrik and Sabetta, Antonino and Bezzi, Michele and Dangremont, C{\'e}dric},
  booktitle={2019 IEEE/ACM 16th International Conference on Mining Software Repositories (MSR)},
  pages={383--387},
  year={2019},
  organization={IEEE}
}

@inproceedings{cpluspluscurated,
  title={AC/C++ Code Vulnerability Dataset with Code Changes and CVE Summaries},
  author={Fan, Jiahao and Li, Yi and Wang, Shaohua and Nguyen, Tien N},
  booktitle={Proceedings of the 17th International Conference on Mining Software Repositories},
  pages={508--512},
  year={2020}
}

@inproceedings{bhandari2021cvefixes,
	title={CVEfixes: automated collection of vulnerabilities and their fixes from open-source software},
	author={Bhandari, Guru and Naseer, Amara and Moonen, Leon},
	booktitle={Proceedings of the 17th International Conference on Predictive Models and Data Analytics in Software Engineering},
	pages={30--39},
	year={2021}
}

% End of vuln. datasets.

% Patch/fix commits finder
@inproceedings{sabetta2018practical,
	title={A practical approach to the automatic classification of security-relevant commits},
	author={Sabetta, Antonino and Bezzi, Michele},
	booktitle={2018 IEEE International Conference on Software Maintenance and Evolution (ICSME)},
	pages={579--582},
	year={2018},
	organization={IEEE}
}

@article{prospector,
  title={Automated Mapping of Vulnerability Advisories onto their Fix Commits in Open Source Repositories},
  author={Hommersom, Daan and Sabetta, Antonino and Coppola, Bonaventura and Tamburri, Damian A},
  journal={arXiv preprint arXiv:2103.13375},
  year={2021}
}

@article{catchpatches2020,
  title={Learning to Catch Security Patches},
  author={Sawadogo, Arthur D and Bissyand{\'e}, Tegawend{\'e} F and Moha, Naouel and Allix, Kevin and Klein, Jacques and Li, Li and Traon, Yves Le},
  journal={arXiv preprint arXiv:2001.09148},
  year={2020}
}

@article{xu2021tracer,
	title={TRACER: Finding Patches for Open Source Software Vulnerabilities},
	author={Xu, Congying and Chen, Bihuan and Lu, Chenhao and Huang, Kaifeng and Peng, Xin and Liu, Yang},
	journal={arXiv preprint arXiv:2112.02240},
	year={2021}
}

% End of Patch/fix commits finder

% Misc.
@inproceedings{hagberg2021using,
	title={Using Program Analysis to Identify the Use of Vulnerable Functions},
	author={Hagberg, Rasmus and Hell, Martin and Reichenbach, Christoph},
	booktitle={18th International Conference on Security and Cryptography, SECRYPT 2021},
	year={2021},
	organization={INSTICC Press}
}

@inproceedings{le2021deepcva,
	title={Deepcva: Automated commit-level vulnerability assessment with deep multi-task learning},
	author={Le, Triet Huynh Minh and Hin, David and Croft, Roland and Babar, M Ali},
	booktitle={2021 36th IEEE/ACM International Conference on Automated Software Engineering (ASE)},
	pages={717--729},
	year={2021},
	organization={IEEE}
}

% Websites may contain vulnerable JS libraries.
@article{lauinger2018thou,
	title={Thou Shalt Not Depend on Me: A look at JavaScript libraries in the wild},
	author={Lauinger, Tobias and Chaabane, Abdelberi and Wilson, Christo},
	journal={Queue},
	volume={16},
	number={1},
	pages={62--82},
	year={2018},
	publisher={ACM New York, NY, USA}
}

@inproceedings{cadariu2015tracking,
	title={Tracking known security vulnerabilities in proprietary software systems},
	author={Cadariu, Mircea and Bouwers, Eric and Visser, Joost and van Deursen, Arie},
	booktitle={2015 IEEE 22nd International Conference on Software Analysis, Evolution, and Reengineering (SANER)},
	pages={516--519},
	year={2015},
	organization={IEEE}
}

% Heartbleed bug in OpenSSL
@inproceedings{durumeric2014matter,
	title={The matter of heartbleed},
	author={Durumeric, Zakir and Li, Frank and Kasten, James and Amann, Johanna and Beekman, Jethro and Payer, Mathias and Weaver, Nicolas and Adrian, David and Paxson, Vern and Bailey, Michael and others},
	booktitle={Proceedings of the 2014 conference on internet measurement conference},
	pages={475--488},
	year={2014}
}

@article{krueger1992software,
	title={Software reuse},
	author={Krueger, Charles W},
	journal={ACM Computing Surveys (CSUR)},
	volume={24},
	number={2},
	pages={131--183},
	year={1992},
	publisher={ACM New York, NY, USA}
}

% Inconsistent vulnerable software versions
@inproceedings{dong2019towards,
	title={Towards the detection of inconsistencies in public security vulnerability reports},
	author={Dong, Ying and Guo, Wenbo and Chen, Yueqi and Xing, Xinyu and Zhang, Yuqing and Wang, Gang},
	booktitle={28th USENIX Security Symposium (USENIX Security 19)},
	pages={869--885},
	year={2019}
}

% CHA Algorithm
@inproceedings{dean1995optimization,
	title={Optimization of object-oriented programs using static class hierarchy analysis},
	author={Dean, Jeffrey and Grove, David and Chambers, Craig},
	booktitle={European Conference on Object-Oriented Programming},
	pages={77--101},
	year={1995},
	organization={Springer}
}

@article{hagberg2020improving,
  title={Improving vulnerability detection using program analysis},
  author={Hagberg, Rasmus},
  journal={LU-CS-EX},
  year={2020}
}

% Terminologies
% Reachability analysis produces far less security alerts
@inproceedings{imtiaz2021comparative,
  title={A comparative study of vulnerability reporting by software composition analysis tools},
  author={Imtiaz, Nasif and Thorn, Seaver and Williams, Laurie},
  booktitle={Proceedings of the 15th ACM/IEEE International Symposium on Empirical Software Engineering and Measurement (ESEM)},
  pages={1--11},
  year={2021}
}

% END of misc


% Empirical studies on the impact of vulnerabilities on software ecosystems

% Vulnerability recurring due to software reuse 
@inproceedings{pham2010detection,
	title={Detection of recurring software vulnerabilities},
	author={Pham, Nam H and Nguyen, Tung Thanh and Nguyen, Hoan Anh and Nguyen, Tien N},
	booktitle={Proceedings of the IEEE/ACM international conference on Automated software engineering},
	-pages={447--456},
	year={2010}
}

@article{hejderup2015dependencies,
	title={In dependencies we trust: How vulnerable are dependencies in software modules?},
	author={Hejderup, JI},
	year={2015}
}

% Removal of a single package can affect more than 30% of packages in the ecosystem.
@inproceedings{kikas2017structure,
	title={Structure and evolution of package dependency networks},
	author={Kikas, Riivo and Gousios, Georgios and Dumas, Marlon and Pfahl, Dietmar},
	booktitle={2017 IEEE/ACM 14th International Conference on Mining Software Repositories (MSR)},
	-pages={102--112},
	year={2017},
	organization={IEEE}
}



% Analysis at the package-level is an over-estimation.
@inproceedings{zapata2018towards,
	title={Towards smoother library migrations: A look at vulnerable dependency migrations at function level for npm javascript packages},
	author={Zapata, Rodrigo Elizalde and Kula, Raula Gaikovina and Chinthanet, Bodin and Ishio, Takashi and Matsumoto, Kenichi and Ihara, Akinori},
	booktitle={2018 IEEE International Conference on Software Maintenance and Evolution (ICSME)},
	pages={559--563},
	year={2018},
	organization={IEEE}
}

% Developers are unaware of vulnerabilties in the dependencies.
@article{kula2018developers,
	title={Do developers update their library dependencies?},
	author={Kula, Raula Gaikovina and German, Daniel M and Ouni, Ali and Ishio, Takashi and Inoue, Katsuro},
	journal={Empirical Software Engineering},
	volume={23},
	number={1},
	pages={384--417},
	year={2018},
	publisher={Springer}
}

% Small number of JS packages could impact large parts of the ecosystem
@inproceedings{zimmermann2019small,
	title={Small world with high risks: A study of security threats in the npm ecosystem},
	author={Zimmermann, Markus and Staicu, Cristian-Alexandru and Tenny, Cam and Pradel, Michael},
	booktitle={28th USENIX Security Symposium (USENIX Security 19)},
	-pages={995--1010},
	year={2019}
}

@inproceedings{wang2020empirical,
	title={An empirical study of usages, updates and risks of third-party libraries in java projects},
	author={Wang, Ying and Chen, Bihuan and Huang, Kaifeng and Shi, Bowen and Xu, Congying and Peng, Xin and Wu, Yijian and Liu, Yang},
	booktitle={2020 IEEE International Conference on Software Maintenance and Evolution (ICSME)},
	pages={35--45},
	year={2020},
	organization={IEEE}
}

% Terminology
@inproceedings{pashchenko2020qualitative,
	title={A qualitative study of dependency management and its security implications},
	author={Pashchenko, Ivan and Vu, Duc-Ly and Massacci, Fabio},
	booktitle={Proceedings of the 2020 ACM SIGSAC Conference on Computer and Communications Security},
	pages={1513--1531},
	year={2020}
}

% Terminology,
@inproceedings{alfadel2021empirical,
	title={Empirical analysis of security vulnerabilities in python packages},
	author={Alfadel, Mahmoud and Costa, Diego Elias and Shihab, Emad},
	booktitle={2021 IEEE International Conference on Software Analysis, Evolution and Reengineering (SANER)},
	pages={446--457},
	year={2021},
	organization={IEEE}
}

@article{prana2021out,
	title={Out of sight, out of mind? How vulnerable dependencies affect open-source projects},
	author={Prana, Gede Artha Azriadi and Sharma, Abhishek and Shar, Lwin Khin and Foo, Darius and Santosa, Andrew E and Sharma, Asankhaya and Lo, David},
	journal={Empirical Software Engineering},
	volume={26},
	number={4},
	pages={1--34},
	year={2021},
	publisher={Springer}
}

@article{liu2022demystifying,
	title={Demystifying the Vulnerability Propagation and Its Evolution via Dependency Trees in the NPM Ecosystem},
	author={Liu, Chengwei and Chen, Sen and Fan, Lingling and Chen, Bihuan and Liu, Yang and Peng, Xin},
	journal={arXiv preprint arXiv:2201.03981},
	year={2022}
}

% END of Empirical stuides on the impact of vulnerabilties on software ecosystems

% Software Ecosystem Analysis
@inproceedings{wittern2016look,
	title={A look at the dynamics of the JavaScript package ecosystem},
	author={Wittern, Erik and Suter, Philippe and Rajagopalan, Shriram},
	booktitle={Proceedings of the 13th International Conference on Mining Software Repositories},
	pages={351--361},
	year={2016}
}

@article{decan2019empirical,
	title={An empirical comparison of dependency network evolution in seven software packaging ecosystems},
	author={Decan, Alexandre and Mens, Tom and Grosjean, Philippe},
	journal={Empirical Software Engineering},
	volume={24},
	number={1},
	pages={381--416},
	year={2019},
	publisher={Springer}
}

@article{chowdhury2021untriviality,
	title={On the Untriviality of Trivial Packages: An Empirical Study of npm JavaScript Packages},
	author={Chowdhury, Md Atique Reza and Abdalkareem, Rabe and Shihab, Emad and Adams, Bram},
	journal={IEEE Transactions on Software Engineering},
	year={2021},
	publisher={IEEE}
}

% END of Software Ecosystem Analysis

% Program Analysis
@inproceedings{eichberg2014software,
	title={A software product line for static analyses: the OPAL framework},
	author={Eichberg, Michael and Hermann, Ben},
	booktitle={Proceedings of the 3rd ACM SIGPLAN International Workshop on the State of the Art in Java Program Analysis},
	pages={1--6},
	year={2014}
}

@inproceedings{reif2016call,
	title={Call graph construction for java libraries},
	author={Reif, Michael and Eichberg, Michael and Hermann, Ben and Lerch, Johannes and Mezini, Mira},
	booktitle={Proceedings of the 2016 24th ACM SIGSOFT International Symposium on Foundations of Software Engineering},
	pages={474--486},
	year={2016}
}

@inproceedings{grove1997call,
	title={Call graph construction in object-oriented languages},
	author={Grove, David and DeFouw, Greg and Dean, Jeffrey and Chambers, Craig},
	booktitle={Proceedings of the 12th ACM SIGPLAN conference on Object-oriented programming, systems, languages, and applications},
	pages={108--124},
	year={1997}
}

@inproceedings{nielsen2021modular,
  title={Modular call graph construction for security scanning of Node. js applications},
  author={Nielsen, Benjamin Barslev and Torp, Martin Toldam and M{\o}ller, Anders},
  booktitle={Proceedings of the 30th ACM SIGSOFT International Symposium on Software Testing and Analysis},
  pages={29--41},
  year={2021}
}

% Automatic exploitation of vulnerabilities
@inproceedings{kang2022test,
  title={Test mimicry to assess the exploitability of library vulnerabilities},
  author={Kang, Hong Jin and Nguyen, Truong Giang and Le, Bach and P{\u{a}}s{\u{a}}reanu, Corina S and Lo, David},
  booktitle={Proceedings of the 31st ACM SIGSOFT International Symposium on Software Testing and Analysis},
  pages={276--288},
  year={2022}
}

% END of program analysis

% Books
@book{dowd2006art,
  title={{The art of software security assessment: Identifying and preventing software vulnerabilities}},
  author={Dowd, Mark and McDonald, John and Schuh, Justin},
  year={2006},
  publisher={Pearson Education}
}

@book{Felderer2020ContemporaryEM,
  title={{Contemporary Empirical Methods in Software Engineering}},
  author={Michael Felderer and Guilherme Horta Travassos},
  publisher={Springer},
  year={2020}
}

%

% Web articles
@article{synopsys21,
	title={{Open Source Security and Risk Analysis (OSSRA) report}},
	author={Synopsys},
	year={2021}
}

@electronic{mvn22,
	title = {{Maven Central Repository}},
	howpublished  = {\url{https://mvnrepository.com/repos/central}},
	note={Accessed on: 2022-10-20}
}

@article{snyk21,
	title={{State of Open Source Security Report}},
	author={Snyk},
	year={2022}
}

@electronic{oracle21,
	title={{Secure Coding Guidelines for Java SE}},
	author={Oracle},
	year={2021}
}

@electronic{owaspdepchk,
	title = {{OWASP Dependency-Check}},
	howpublished  = {\url{https://owasp.org/www-project-dependency-check/}},
	note={Accessed on: 2022-10-19}
}

@electronic{purl,
	title = {{A minimal specification for purl aka. a package "mostly universal" URL}},
	howpublished  = {\url{https://github.com/package-url/purl-spec}},
	note={Accessed on: 2022-03-22}
}

@electronic{cpe,
	title = {{Official Common Platform Enumeration (CPE) Dictionary}},
	howpublished  = {\url{https://nvd.nist.gov/products/cpe}},
	note={Accessed on: 2022-03-22}
}

@electronic{cvss,
	title = {{Specification of Common Vulnerability Scoring System}},
	howpublished  = {\url{https://www.first.org/cvss/specification-document}},
	note={Accessed on: 2022-03-22}
}

@electronic{cwe,
	title = {{A community-developed list of software and hardware weakness types}},
	howpublished  = {\url{https://cwe.mitre.org/}},
	note={Accessed on: 2022-03-22}
}

@electronic{ghd,
	title = {{Dependabot alerts show all affected files for vulnerable function calls (Python Beta)}},
	howpublished  = {\url{https://github.blog/changelog/2022-05-16-dependabot-alerts-show-all-affected-files-for-vulnerable-function-calls-python-beta/}},
	note={Accessed on: 2022-08-22}
}

@electronic{arp,
	title = {{Anonymized replication package for this study}},
	howpublished  = {\url{https://surfdrive.surf.nl/files/index.php/s/8Y7KCvj8SHPwL3S}},
}

@electronic{mvnpom,
	title = {{Introduction to the POM}},
	howpublished  = {\url{https://maven.apache.org/guides/introduction/ introduction-to-the-pom}},
	note={Accessed on: 2022-08-29}
}

@electronic{log4jvul,
	title = {{Understanding the Impact of Apache Log4j Vulnerability}},
	howpublished  = {\url{https://security.googleblog.com/2021/12/understanding-impact-of-apache-log4j.html}},
	note={Accessed on: 2022-10-21}
}

@electronic{opalp,
	title = {{OPAL Project}},
	howpublished  = {\url{https://www.opal-project.de/}},
	note={Accessed on: 2022-09-19}
}

% End of SANER'23 paper ref.

% MSR'24 paper ref.
@inproceedings{ponta2019msr,
    author={Serena E. Ponta and Henrik Plate and Antonino Sabetta and Michele Bezzi and
    C´edric Dangremont},
    title={A Manually-Curated Dataset of Fixes to Vulnerabilities of Open-Source Software},
    booktitle={Proceedings of the 16th International Conference on Mining Software Repositories},
    year=2019,
    month=May,
}

% 50k-c dataset, compilable project
@inproceedings{martins201850k,
  title={50k-c: A dataset of compilable, and compiled, java projects},
  author={Martins, Pedro and Achar, Rohan and Lopes, Cristina V},
  booktitle={Proceedings of the 15th international conference on mining software repositories},
  pages={1--5},
  year={2018}
}

% JEMMA dataset, ML4Code
@article{karmakar2022jemma,
  title={JEMMA: An Extensible Java Dataset for ML4Code Applications},
  author={Karmakar, Anjan and Allamanis, Miltiadis and Robbes, Romain},
  journal={arXiv preprint arXiv:2212.09132},
  year={2022}
}

% XCorpus: Executable programs complemented with Evosuite's generated test cases
@article{dietrich2017xcorpus,
  title={XCorpus--an executable corpus of Java programs},
  author={Dietrich, JB and Schole, Henrik and Sui, Li and Tempero, Ewan},
  year={2017},
  publisher={AITO}
}

% Qualitas Corpus
@inproceedings{tempero2010qualitas,
  title={The Qualitas Corpus: A curated collection of Java code for empirical studies},
  author={Tempero, Ewan and Anslow, Craig and Dietrich, Jens and Han, Ted and Li, Jing and Lumpe, Markus and Melton, Hayden and Noble, James},
  booktitle={2010 Asia pacific software engineering conference},
  pages={336--345},
  year={2010},
  organization={IEEE}
}

% NJR-1
@inproceedings{palsberg2018njr,
  title={Njr: A normalized java resource},
  author={Palsberg, Jens and Lopes, Cristina V},
  booktitle={Companion Proceedings for the ISSTA/ECOOP 2018 Workshops},
  pages={100--106},
  year={2018}
}

% RunBugRun
@article{prenner2023runbugrun,
  title={RunBugRun--An Executable Dataset for Automated Program Repair},
  author={Prenner, Julian Aron and Robbes, Romain},
  journal={arXiv preprint arXiv:2304.01102},
  year={2023}
}

% EvoSuite
@inproceedings{fraser2011evosuite,
  title={Evosuite: automatic test suite generation for object-oriented software},
  author={Fraser, Gordon and Arcuri, Andrea},
  booktitle={Proceedings of the 19th ACM SIGSOFT symposium and the 13th European conference on Foundations of software engineering},
  pages={416--419},
  year={2011}
}

% Dacapo
@inproceedings{blackburn2006dacapo,
  title={The DaCapo benchmarks: Java benchmarking development and analysis},
  author={Blackburn, Stephen M and Garner, Robin and Hoffmann, Chris and Khang, Asjad M and McKinley, Kathryn S and Bentzur, Rotem and Diwan, Amer and Feinberg, Daniel and Frampton, Daniel and Guyer, Samuel Z and others},
  booktitle={Proceedings of the 21st annual ACM SIGPLAN conference on Object-oriented programming systems, languages, and applications},
  pages={169--190},
  year={2006}
}

% The framework behind 50K-c dataset
@article{martins2018java,
  title={The java build framework: Large scale compilation},
  author={Martins, Pedro and Achar, Rohan and Lopes, Cristina V},
  journal={arXiv preprint arXiv:1804.04621},
  year={2018}
}

% Spring
@inproceedings{chen2022jasmine,
  title={Jasmine: A Static Analysis Framework for Spring Core Technologies},
  author={Chen, Miao and Tu, Tengfei and Zhang, Hua and Wen, Qiaoyan and Wang, Weihang},
  booktitle={37th IEEE/ACM International Conference on Automated Software Engineering},
  pages={1--13},
  year={2022}
}

% CGPruner
@inproceedings{utture2022striking,
  title={Striking a balance: pruning false-positives from static call graphs},
  author={Utture, Akshay and Liu, Shuyang and Kalhauge, Christian Gram and Palsberg, Jens},
  booktitle={Proceedings of the 44th International Conference on Software Engineering},
  pages={2043--2055},
  year={2022}
}

% AutoPruner
@inproceedings{le2022autopruner,
  title={AutoPruner: transformer-based call graph pruning},
  author={Le-Cong, Thanh and Kang, Hong Jin and Nguyen, Truong Giang and Haryono, Stefanus Agus and Lo, David and Le, Xuan-Bach D and Huynh, Quyet Thang},
  booktitle={Proceedings of the 30th ACM Joint European Software Engineering Conference and Symposium on the Foundations of Software Engineering},
  pages={520--532},
  year={2022}
}

% CodeBERT
@inproceedings{feng2020codebert,
    title = "{C}ode{BERT}: A Pre-Trained Model for Programming and Natural Languages",
    author = "Feng, Zhangyin  and
      Guo, Daya  and
      Tang, Duyu  and
      Duan, Nan  and
      Feng, Xiaocheng  and
      Gong, Ming  and
      Shou, Linjun  and
      Qin, Bing  and
      Liu, Ting  and
      Jiang, Daxin  and
      Zhou, Ming",
    booktitle = "Findings of the Association for Computational Linguistics: EMNLP 2020",
    month = nov,
    year = "2020",
    publisher = "Association for Computational Linguistics",
    doi = "10.18653/v1/2020.findings-emnlp.139",
    pages = "1536--1547",
}

% Transformers
@article{vaswani2017attention,
  title={Attention is all you need},
  author={Vaswani, Ashish and Shazeer, Noam and Parmar, Niki and Uszkoreit, Jakob and Jones, Llion and Gomez, Aidan N and Kaiser, {\L}ukasz and Polosukhin, Illia},
  journal={Advances in neural information processing systems},
  volume={30},
  year={2017}
}

% ROBERTA
@article{liu2019roberta,
  title={Roberta: A robustly optimized bert pretraining approach},
  author={Liu, Yinhan and Ott, Myle and Goyal, Naman and Du, Jingfei and Joshi, Mandar and Chen, Danqi and Levy, Omer and Lewis, Mike and Zettlemoyer, Luke and Stoyanov, Veselin},
  journal={arXiv preprint arXiv:1907.11692},
  year={2019}
}

% T5
@article{raffel2020exploring,
  title={Exploring the limits of transfer learning with a unified text-to-text transformer},
  author={Raffel, Colin and Shazeer, Noam and Roberts, Adam and Lee, Katherine and Narang, Sharan and Matena, Michael and Zhou, Yanqi and Li, Wei and Liu, Peter J},
  journal={The Journal of Machine Learning Research},
  volume={21},
  number={1},
  pages={5485--5551},
  year={2020},
  publisher={JMLRORG}
}

% CodeSearchNet
@article{husain2019codesearchnet,
  title={Codesearchnet challenge: Evaluating the state of semantic code search},
  author={Husain, Hamel and Wu, Ho-Hsiang and Gazit, Tiferet and Allamanis, Miltiadis and Brockschmidt, Marc},
  journal={arXiv preprint arXiv:1909.09436},
  year={2019}
}

% CodeXGLUE
@article{lu2021codexglue,
  title={Codexglue: A machine learning benchmark dataset for code understanding and generation},
  author={Lu, Shuai and Guo, Daya and Ren, Shuo and Huang, Junjie and Svyatkovskiy, Alexey and Blanco, Ambrosio and Clement, Colin and Drain, Dawn and Jiang, Daxin and Tang, Duyu and others},
  journal={arXiv preprint arXiv:2102.04664},
  year={2021}
}

% CodeT5+
@article{wang2023codet5+,
  title={Codet5+: Open code large language models for code understanding and generation},
  author={Wang, Yue and Le, Hung and Gotmare, Akhilesh Deepak and Bui, Nghi DQ and Li, Junnan and Hoi, Steven CH},
  journal={arXiv preprint arXiv:2305.07922},
  year={2023}
}

% Vanilla CodeT5
@inproceedings{wang2021codet5,
  title={CodeT5: Identifier-aware Unified Pre-trained Encoder-Decoder Models for Code Understanding and Generation},
  author={Wang, Yue and Wang, Weishi and Joty, Shafiq and Hoi, Steven CH},
  booktitle={Proceedings of the 2021 Conference on Empirical Methods in Natural Language Processing},
  pages={8696--8708},
  year={2021}
}

%CodeGen
@article{nijkamp2022codegen,
  title={Codegen: An open large language model for code with multi-turn program synthesis},
  author={Nijkamp, Erik and Pang, Bo and Hayashi, Hiroaki and Tu, Lifu and Wang, Huan and Zhou, Yingbo and Savarese, Silvio and Xiong, Caiming},
  journal={arXiv preprint arXiv:2203.13474},
  year={2022}
}

% Survey NL2Code
@article{zan2022neural,
  title={When Neural Model Meets NL2Code: A Survey},
  author={Zan, Daoguang and Chen, Bei and Zhang, Fengji and Lu, Dianjie and Wu, Bingchao and Guan, Bei and Wang, Yongji and Lou, Jian-Guang},
  journal={arXiv preprint arXiv:2212.09420},
  year={2022}
}

% Survey
@article{sharma2021survey,
  title={A survey on machine learning techniques for source code analysis},
  author={Sharma, Tushar and Kechagia, Maria and Georgiou, Stefanos and Tiwari, Rohit and Vats, Indira and Moazen, Hadi and Sarro, Federica},
  journal={arXiv preprint arXiv:2110.09610},
  year={2021}
}

% Survey
@article{allamanis2018survey,
  title={A survey of machine learning for big code and naturalness},
  author={Allamanis, Miltiadis and Barr, Earl T and Devanbu, Premkumar and Sutton, Charles},
  journal={ACM Computing Surveys (CSUR)},
  volume={51},
  number={4},
  pages={1--37},
  year={2018},
  publisher={ACM New York, NY, USA}
}

% Random Forest
@inproceedings{ho1995random,
  title={Random decision forests},
  author={Ho, Tin Kam},
  booktitle={Proceedings of 3rd international conference on document analysis and recognition},
  volume={1},
  pages={278--282},
  year={1995},
  organization={IEEE}
}

% Bagging
@article{breiman1996bagging,
  title={Bagging predictors},
  author={Breiman, Leo},
  journal={Machine learning},
  volume={24},
  pages={123--140},
  year={1996},
  publisher={Springer}
}

@article{ryder1979constructing,
  title={Constructing the call graph of a program},
  author={Ryder, Barbara G},
  journal={IEEE Transactions on Software Engineering},
  number={3},
  pages={216--226},
  year={1979},
  publisher={IEEE}
}

@article{callahan1990constructing,
  title={Constructing the procedure call multigraph},
  author={Callahan, David and Carle, Alan and Hall, Mary W. and Kennedy, Ken},
  journal={IEEE Transactions on Software Engineering},
  volume={16},
  number={4},
  pages={483--487},
  year={1990},
  publisher={IEEE}
}

@inproceedings{ali2012application,
  title={Application-only call graph construction},
  author={Ali, Karim and Lhotak, Ondrej},
  booktitle={ECOOP 2012--Object-Oriented Programming: 26th European Conference, Beijing, China, June 11-16, 2012. Proceedings 26},
  pages={688--712},
  year={2012},
  organization={Springer}
}

% WALA
@misc{fink2012wala,
  title={WALA--The TJ Watson Libraries for Analysis},
  author={Fink, Stephen and Dolby, Julian},
  year={2012}
}

% Soot
@incollection{vallee2010soot,
  title={Soot: A Java bytecode optimization framework},
  author={Vall{\'e}e-Rai, Raja and Co, Phong and Gagnon, Etienne and Hendren, Laurie and Lam, Patrick and Sundaresan, Vijay},
  booktitle={CASCON First Decade High Impact Papers},
  pages={214--224},
  year={2010}
}

% DOOP
@article{smaragdakis2021doop,
  title={Doop-framework for Java pointer and taint analysis (using p/taint)},
  author={Smaragdakis, Yannis},
  journal={Retrieved Jan},
  volume={10},
  pages={2021},
  year={2021}
}

% Petablox
@inproceedings{mangal2015user,
  title={A user-guided approach to program analysis},
  author={Mangal, Ravi and Zhang, Xin and Nori, Aditya V and Naik, Mayur},
  booktitle={Proceedings of the 2015 10th Joint Meeting on Foundations of Software Engineering},
  pages={462--473},
  year={2015}
}

% Micheal Reif, PhD thesis
@article{reif2021novel,
	title={Novel Approaches to Systematically Evaluating and Constructing Call Graphs for Java Software},
	author={Reif, Michael},
	year={2021},
	publisher={Technische Universit{\"a}t}
}

% Dynamic CG
@article{xie2002empirical,
  title={An empirical study of java dynamic call graph extractors},
  author={Xie, Tao and Notkin, David},
  journal={University of Washington CSE Technical Report},
  pages={02--12},
  year={2002}
}

% Comparing call graphs
@inproceedings{lhotak2007comparing,
  title={Comparing call graphs},
  author={Lhotak, Ondrej},
  booktitle={Proceedings of the 7th ACM SIGPLAN-SIGSOFT workshop on Program analysis for software tools and engineering},
  pages={37--42},
  year={2007}
}

@inproceedings{bravenboer2009strictly,
  title={Strictly declarative specification of sophisticated points-to analyses},
  author={Bravenboer, Martin and Smaragdakis, Yannis},
  booktitle={Proceedings of the 24th ACM SIGPLAN conference on Object oriented programming systems languages and applications},
  pages={243--262},
  year={2009}
}

@inproceedings{tan2016making,
  title={Making k-object-sensitive pointer analysis more precise with still k-limiting},
  author={Tan, Tian and Li, Yue and Xue, Jingling},
  booktitle={Static Analysis: 23rd International Symposium, SAS 2016, Edinburgh, UK, September 8-10, 2016, Proceedings},
  pages={489--510},
  year={2016},
  organization={Springer}
}

@article{rice1953classes,
  title={Classes of recursively enumerable sets and their decision problems},
  author={Rice, Henry Gordon},
  journal={Transactions of the American Mathematical society},
  volume={74},
  number={2},
  pages={358--366},
  year={1953}
}

@inproceedings{li2018scalability,
  title={Scalability-first pointer analysis with self-tuning context-sensitivity},
  author={Li, Yue and Tan, Tian and M{\o}ller, Anders and Smaragdakis, Yannis},
  booktitle={Proceedings of the 2018 26th ACM joint meeting on european software engineering conference and symposium on the foundations of software engineering},
  pages={129--140},
  year={2018}
}

% Wiretap
@article{kalhauge2018sound,
  title={Sound deadlock prediction},
  author={Kalhauge, Christian Gram and Palsberg, Jens},
  journal={Proceedings of the ACM on Programming Languages},
  volume={2},
  number={OOPSLA},
  pages={1--29},
  year={2018},
  publisher={ACM New York, NY, USA}
}

@article{murphy1998empirical,
  title={An empirical study of static call graph extractors},
  author={Murphy, Gail C and Notkin, David and Griswold, William G and Lan, Erica S},
  journal={ACM Transactions on Software Engineering and Methodology (TOSEM)},
  volume={7},
  number={2},
  pages={158--191},
  year={1998},
  publisher={ACM New York, NY, USA}
}

@inproceedings{reif2019judge,
  title={Judge: Identifying, understanding, and evaluating sources of unsoundness in call graphs},
  author={Reif, Michael and K{\"u}bler, Florian and Eichberg, Michael and Helm, Dominik and Mezini, Mira},
  booktitle={Proceedings of the 28th ACM SIGSOFT International Symposium on Software Testing and Analysis},
  pages={251--261},
  year={2019}
}

@inproceedings{sui2020recall,
  title={On the recall of static call graph construction in practice},
  author={Sui, Li and Dietrich, Jens and Tahir, Amjed and Fourtounis, George},
  booktitle={Proceedings of the ACM/IEEE 42nd International Conference on Software Engineering},
  pages={1049--1060},
  year={2020}
}

@inproceedings{sawin2011assumption,
  title={Assumption hierarchy for a CHA call graph construction algorithm},
  author={Sawin, Jason and Rountev, Atanas},
  booktitle={2011 IEEE 11th International Working Conference on Source Code Analysis and Manipulation},
  pages={35--44},
  year={2011},
  organization={IEEE}
}

@article{zhang2007automatic,
  title={Automatic construction of accurate application call graph with library call abstraction for Java},
  author={Zhang, Weilei and Ryder, Barbara G},
  journal={Journal of Software Maintenance and Evolution: Research and Practice},
  volume={19},
  number={4},
  pages={231--252},
  year={2007},
  publisher={Wiley Online Library}
}

@inproceedings{ishizaki2000study,
  title={A study of devirtualization techniques for a Java Just-In-Time compiler},
  author={Ishizaki, Kazuaki and Kawahito, Motohiro and Yasue, Toshiaki and Komatsu, Hideaki and Nakatani, Toshio},
  booktitle={Proceedings of the 15th ACM SIGPLAN conference on Object-oriented programming, systems, languages, and applications},
  pages={294--310},
  year={2000}
}

% YCorpus 
@article{khatami2023state,
  title={State-Of-The-Practice in Quality Assurance in Java-Based Open Source Software Development},
  author={Khatami, Ali and Zaidman, Andy},
  journal={arXiv preprint arXiv:2306.09665},
  year={2023}
}

% Oracle soundness for call graphs
@inproceedings{dietrich2017construction,
  title={On the construction of soundness oracles},
  author={Dietrich, Jens and Sui, Li and Rasheed, Shawn and Tahir, Amjed},
  booktitle={Proceedings of the 6th ACM SIGPLAN International Workshop on State Of the Art in Program Analysis},
  pages={37--42},
  year={2017}
}

% scikit-learn
@article{pedregosa2011scikit,
  title={Scikit-learn: Machine learning in Python},
  author={Pedregosa, Fabian and Varoquaux, Ga{\"e}l and Gramfort, Alexandre and Michel, Vincent and Thirion, Bertrand and Grisel, Olivier and Blondel, Mathieu and Prettenhofer, Peter and Weiss, Ron and Dubourg, Vincent and others},
  journal={the Journal of machine Learning research},
  volume={12},
  pages={2825--2830},
  year={2011},
  publisher={JMLR. org}
}

@misc{pt2,
    title = {PyTorch 2.0},
    howpublished = {https://pytorch.org/blog/pytorch-2.0-release/},
    note = {2023-06-13}
}

@online{ptl2,
    title = {PyTorch Lightning},
    url = {https://lightning.ai/docs/pytorch/latest/},
    urldate = {2023-06-13}
}

@misc{javap,
    title = {Java 1-17 Parser and Abstract Syntax Tree for Java with advanced analysis functionalities},
    url = {https://javaparser.org/},
    note = {Accessed: 2023-07-31}
}

@misc{procyon,
    title = {Procyon: a suite of Java metaprogramming tools, a LINQ-inspired expression tree API for runtime code generation, and a Java decompiler.},
    url = {https://github.com/mstrobel/procyon},
    note = {Accessed: 2023-07-31}
}

@misc{onnx,
    title = {ONNX Runtime: cross-platform, high performance ML inferencing and training accelerator},
    url = {https://onnxruntime.ai/},
    note = {Accessed: 2023-07-31}
}

@misc{replication,
    title = {An anonymous replication package},
    url = {https://surfdrive.surf.nl/files/index.php/s/1OZtt9tmwaLxVtl},
    note = {Accessed: 2023-11-17}
}

@misc{apimp,
    title = {The official open-source implementation of AutoPruner},
    url = {https://github.com/soarsmu/AutoPruner/},
    note = {Accessed: 2023-08-01}
}

@misc{wala,
    title = {T.J. Watson Libraries for Analysis, with frontends for Java, Android, and JavaScript, and may common static program analyses},
    url = {https://github.com/wala/WALA/releases},
    note = {Accessed: 2023-11-17}
}

@Inbook{angriman2022,
author="Angriman, Eugenio
and van der Grinten, Alexander
and Hamann, Michael
and Meyerhenke, Henning
and Penschuck, Manuel",
editor="Bast, Hannah
and Korzen, Claudius
and Meyer, Ulrich
and Penschuck, Manuel",
title="Algorithms for Large-Scale Network Analysis and the NetworKit Toolkit",
bookTitle="Algorithms for Big Data: DFG Priority Program 1736",
year="2022",
publisher="Springer Nature Switzerland",
address="Cham",
pages="3--20",
isbn="978-3-031-21534-6",
doi="10.1007/978-3-031-21534-6_1",
url="https://doi.org/10.1007/978-3-031-21534-6_1"
}



% HF Transformers
@article{wolf2019huggingface,
  title={Huggingface's transformers: State-of-the-art natural language processing},
  author={Wolf, Thomas and Debut, Lysandre and Sanh, Victor and Chaumond, Julien and Delangue, Clement and Moi, Anthony and Cistac, Pierric and Rault, Tim and Louf, R{\'e}mi and Funtowicz, Morgan and others},
  journal={arXiv preprint arXiv:1910.03771},
  year={2019}
}

@inproceedings{hubert2008semantic,
  title={Semantic foundations and inference of non-null annotations},
  author={Hubert, Laurent and Jensen, Thomas and Pichardie, David},
  booktitle={Formal Methods for Open Object-Based Distributed Systems: 10th IFIP WG 6.1 International Conference, FMOODS 2008, Oslo, Norway, June 4-6, 2008 Proceedings 10},
  pages={132--149},
  year={2008},
  organization={Springer}
}

% AdamW
@article{loshchilov2017decoupled,
  title={Decoupled weight decay regularization},
  author={Loshchilov, Ilya and Hutter, Frank},
  journal={arXiv preprint arXiv:1711.05101},
  year={2017}
}

% Linear scheduling rate
@article{goyal2017accurate,
  title={Accurate, large minibatch sgd: Training imagenet in 1 hour},
  author={Goyal, Priya and Doll{\'a}r, Piotr and Girshick, Ross and Noordhuis, Pieter and Wesolowski, Lukasz and Kyrola, Aapo and Tulloch, Andrew and Jia, Yangqing and He, Kaiming},
  journal={arXiv preprint arXiv:1706.02677},
  year={2017}
}

% Java specification
@article{lindholm2021java,
  title={The Java Virtual Machine Specification: Java SE 17 Edition},
  author={Lindholm, Tim and Yellin, Frank and Bracha, Gilad and Buckley, Alex and Smith, Daniel},
  year={2021}
}

% k-CFA
@book{shivers1991control,
  title={Control-flow analysis of higher-order languages or taming lambda},
  author={Shivers, Olin Grigsby},
  year={1991},
  publisher={Carnegie Mellon University}
}

% More advanced static analysis
@article{ma2023context,
  title={Context Sensitivity without Contexts: A Cut-Shortcut Approach to Fast and Precise Pointer Analysis},
  author={Ma, Wenjie and Yang, Shengyuan and Tan, Tian and Ma, Xiaoxing and Xu, Chang and Li, Yue},
  journal={Proceedings of the ACM on Programming Languages},
  volume={7},
  number={PLDI},
  pages={539--564},
  year={2023},
  publisher={ACM New York, NY, USA}
}

@article{jeon2022return,
  title={Return of CFA: call-site sensitivity can be superior to object sensitivity even for object-oriented programs},
  author={Jeon, Minseok and Oh, Hakjoo},
  journal={Proceedings of the ACM on Programming Languages},
  volume={6},
  number={POPL},
  pages={1--29},
  year={2022},
  publisher={ACM New York, NY, USA}
}

% JGraphT
@article{jgrapht,
  title = {{J}{G}raph{T}--{A} {J}ava {L}ibrary for {G}raph {D}ata {S}tructures and {A}lgorithms},
  author = {Michail, Dimitrios and Kinable, Joris and Naveh, Barak and Sichi, John V.},
  year = {2020},
  issue_date = {May 2020},
  publisher = {Association for Computing Machinery},
  address = {New York, NY, USA},
  volume = {46},
  number = {2},
  journal = {ACM Trans. Math. Softw.},
  month = may,
  articleno = {16},
  numpages = {29},
}
% End of MSR'24 paper ref.

% OriginPruner paper ref.
@book{meyer2002design,
  title={Design by contract},
  author={Meyer, Bertrand},
  year={2002},
  publisher={Prentice Hall Upper Saddle River}
}
@article{LSP,
author = {Liskov, Barbara},
title = {Keynote address: Data abstraction and Hierarchy},
year = {1987},
journal = {SIGPLAN Notices},
}

@inproceedings{qin2003discovering,
  title={Discovering use cases from source code using the branch-reserving call graph},
  author={Qin, Tao and Zhang, Lu and Zhou, Zhiying and Hao, Dan and Sun, Jiasu},
  booktitle={Tenth Asia-Pacific Software Engineering Conference, 2003.},
  pages={60--67},
  year={2003},
  organization={IEEE}
}

@inproceedings{bhuiyan2023call,
  title={The Call Graph Chronicles: Unleashing the Power Within},
  author={Bhuiyan, Masudul Hasan Masud},
  booktitle={Proceedings of the 31st ACM Joint European Software Engineering Conference and Symposium on the Foundations of Software Engineering},
  pages={2210--2212},
  year={2023}
}

@article{scarselli2008graph,
  title={The graph neural network model},
  author={Scarselli, Franco and Gori, Marco and Tsoi, Ah Chung and Hagenbuchner, Markus and Monfardini, Gabriele},
  journal={IEEE transactions on neural networks},
  volume={20},
  number={1},
  pages={61--80},
  year={2008},
  publisher={IEEE}
}

@misc{hou2024large,
      title={Large Language Models for Software Engineering: A Systematic Literature Review}, 
      author={Xinyi Hou and Yanjie Zhao and Yue Liu and Zhou Yang and Kailong Wang and Li Li and Xiapu Luo and David Lo and John Grundy and Haoyu Wang},
      year={2024},
      eprint={2308.10620},
      archivePrefix={arXiv},
      primaryClass={cs.SE}
}

@article{antal2023javascript,
  title={Is JavaScript Call Graph Extraction Solved Yet? A Comparative Study of Static and Dynamic Tools},
  author={Antal, G{\'a}bor and Heged{\H{u}}s, P{\'e}ter and Herczeg, Zolt{\'a}n and L{\'o}ki, G{\'a}bor and Ferenc, Rudolf},
  journal={IEEE Access},
  volume={11},
  pages={25266--25284},
  year={2023},
  publisher={IEEE}
}

@article{keshani2024frankenstein,
  title={Frankenstein: fast and lightweight call graph generation for software builds},
  author={Keshani, Mehdi and Gousios, Georgios and Proksch, Sebastian},
  journal={Empirical Software Engineering},
  volume={29},
  number={1},
  pages={1},
  year={2024},
  publisher={Springer}
}

@inproceedings{helm2020modular,
  title={Modular collaborative program analysis in OPAL},
  author={Helm, Dominik and K{\"u}bler, Florian and Reif, Michael and Eichberg, Michael and Mezini, Mira},
  booktitle={Proceedings of the 28th ACM Joint Meeting on European Software Engineering Conference and Symposium on the Foundations of Software Engineering},
  pages={184--196},
  year={2020}
}

@inproceedings{moritz2018ray,
  title={Ray: A distributed framework for emerging $\{$AI$\}$ applications},
  author={Moritz, Philipp and Nishihara, Robert and Wang, Stephanie and Tumanov, Alexey and Liaw, Richard and Liang, Eric and Elibol, Melih and Yang, Zongheng and Paul, William and Jordan, Michael I and others},
  booktitle={13th USENIX symposium on operating systems design and implementation (OSDI 18)},
  pages={561--577},
  year={2018}
}

@misc{reppkg,
    title = {{The anonymized replication package of OriginPruner}},
    howpublished = {https://surfdrive.surf.nl/files/index.php/s/Mp36d9KrWrZD52o}
}
% End of OriginPruner paper ref.


% Other related references 
@article{lukasczyk2023empirical,
  title={An empirical study of automated unit test generation for Python},
  author={Lukasczyk, Stephan and Kroi{\ss}, Florian and Fraser, Gordon},
  journal={Empirical Software Engineering},
  volume={28},
  number={2},
  pages={36},
  year={2023},
  publisher={Springer}
}

@inproceedings{lukasczyk2022pynguin,
  title={Pynguin: Automated unit test generation for python},
  author={Lukasczyk, Stephan and Fraser, Gordon},
  booktitle={Proceedings of the ACM/IEEE 44th International Conference on Software Engineering: Companion Proceedings},
  pages={168--172},
  year={2022}
}

@book{ianbook,
author = {Sommerville, Ian},
title = {Software Engineering},
year = {2015},
isbn = {0133943038},
publisher = {Pearson},
edition = {10th}
}

@article{pradel2021neural,
  title={Neural software analysis},
  author={Pradel, Michael and Chandra, Satish},
  journal={Communications of the ACM},
  volume={65},
  number={1},
  pages={86--96},
  year={2021},
  publisher={ACM New York, NY, USA}
}

@article{sharma2024,
title = {A survey on machine learning techniques applied to source code},
journal = {Journal of Systems and Software},
volume = {209},
pages = {111934},
year = {2024},
author = {Tushar Sharma and Maria Kechagia and Stefanos Georgiou and Rohit Tiwari and Indira Vats and Hadi Moazen and Federica Sarro},
}

@article{zheng2023survey,
  title={A survey of large language models for code: Evolution, benchmarking, and future trends},
  author={Zheng, Zibin and Ning, Kaiwen and Wang, Yanlin and Zhang, Jingwen and Zheng, Dewu and Ye, Mingxi and Chen, Jiachi},
  journal={arXiv preprint arXiv:2311.10372},
  year={2023}
}

@inproceedings{izadi2024language,
  title={Language Models for Code Completion: A Practical Evaluation},
  author={Izadi, Maliheh and Katzy, Jonathan and Van Dam, Tim and Otten, Marc and Popescu, Razvan Mihai and Van Deursen, Arie},
  booktitle={Proceedings of the IEEE/ACM 46th International Conference on Software Engineering},
  pages={1--13},
  year={2024}
}

@inproceedings{peng2022static,
  title={Static inference meets deep learning: a hybrid type inference approach for python},
  author={Peng, Yun and Gao, Cuiyun and Li, Zongjie and Gao, Bowei and Lo, David and Zhang, Qirun and Lyu, Michael},
  booktitle={Proceedings of the 44th International Conference on Software Engineering},
  pages={2019--2030},
  year={2022}
}

@misc{fasten,
    title = {FASTEN: Fine-Grained Analysis of Software Ecosystems as Networks},
    howpublished = {\url{https://www.fasten-project.eu/}},
    note = {Accessed: 2024-04-30}
}

@misc{leftpad,
    title = {How one developer just broke Node, Babel and thousands of projects in 11 lines of JavaScript},
    howpublished = {\url{https://www.theregister.com/2016/03/23/npm_left_pad_chaos/}},
    note = {Accessed: 2024-05-03}
}

@misc{log4j,
    title = {What is the Log4j vulnerability?},
    howpublished = {\url{https://www.ibm.com/topics/log4j}},
    note = {Accessed: 2024-05-03}
}

@misc{xz,
    title = {The XZ Utils Backdoor, a critical SSH vulnerability in Linux},
    howpublished = {\url{https://pentest-tools.com/blog/xz-utils-backdoor-cve-2024-3094}},
    note = {Accessed: 2024-05-03}
}

@inproceedings{peng2021empirical,
  title={An empirical study for common language features used in python projects},
  author={Peng, Yun and Zhang, Yu and Hu, Mingzhe},
  booktitle={2021 IEEE International Conference on Software Analysis, Evolution and Reengineering (SANER)},
  pages={24--35},
  year={2021},
  organization={IEEE}
}

@inproceedings{ke2012software,
  title={Software engineering in public health: Opportunities and challenges},
  author={Ke, Wei and Liu, Zhiming},
  booktitle={2012 International Conference on Computer Distributed Control and Intelligent Environmental Monitoring},
  pages={630--637},
  year={2012},
  organization={IEEE}
}

@article{rausch2013software,
  title={From software systems to complex software ecosystems: Model-and constraint-based engineering of ecosystems},
  author={Rausch, Andreas and Bartelt, Christian and Herold, Sebastian and Klus, Holger and Niebuhr, Dirk},
  journal={Perspectives on the Future of Software Engineering: Essays in Honor of Dieter Rombach},
  pages={61--80},
  year={2013},
  publisher={Springer}
}

@article{vaudour2020software,
  title={Software as a service: Lessons from the video game industry},
  author={Vaudour, Fanny and Heinze, Aleksej},
  journal={Global Business and Organizational Excellence},
  volume={39},
  number={2},
  pages={31--40},
  year={2020},
  publisher={Wiley Online Library}
}

@article{xu2018industry,
  title={Industry 4.0: state of the art and future trends},
  author={Xu, Li Da and Xu, Eric L and Li, Ling},
  journal={International journal of production research},
  volume={56},
  number={8},
  pages={2941--2962},
  year={2018},
  publisher={Taylor \& Francis}
}

@book{nielson2015principles,
  title={Principles of program analysis},
  author={Nielson, Flemming and Nielson, Hanne R and Hankin, Chris},
  year={2015},
  publisher={springer}
}

@inproceedings{christakis2016developers,
  title={What developers want and need from program analysis: an empirical study},
  author={Christakis, Maria and Bird, Christian},
  booktitle={Proceedings of the 31st IEEE/ACM international conference on automated software engineering},
  pages={332--343},
  year={2016}
}

@article{otter2020survey,
  title={A survey of the usages of deep learning for natural language processing},
  author={Otter, Daniel W and Medina, Julian R and Kalita, Jugal K},
  journal={IEEE transactions on neural networks and learning systems},
  volume={32},
  number={2},
  pages={604--624},
  year={2020},
  publisher={IEEE}
}

@article{min2023recent,
  title={Recent advances in natural language processing via large pre-trained language models: A survey},
  author={Min, Bonan and Ross, Hayley and Sulem, Elior and Veyseh, Amir Pouran Ben and Nguyen, Thien Huu and Sainz, Oscar and Agirre, Eneko and Heintz, Ilana and Roth, Dan},
  journal={ACM Computing Surveys},
  volume={56},
  number={2},
  pages={1--40},
  year={2023},
  publisher={ACM New York, NY}
}

@mastersthesis{jha2022oppropbert,
  title={OppropBERT: An Extensible Graph Neural Network and BERT-style Reinforcement Learning-based Type Inference System},
  author={Jha, Piyush},
  year={2022},
  school={University of Waterloo}
}

@inproceedings{peng2023statistical,
  title={Statistical Type Inference for Incomplete Programs},
  author={Peng, Yaohui and Xie, Jing and Yang, Qiongling and Guo, Hanwen and Li, Qingan and Xue, Jingling and Yuan, Mengting},
  booktitle={Proceedings of the 31st ACM Joint European Software Engineering Conference and Symposium on the Foundations of Software Engineering},
  pages={720--732},
  year={2023}
}

@inproceedings{li2023deminify,
  title={DeMinify: Neural Variable Name Recovery and Type Inference},
  author={Li, Yi and Yadavally, Aashish and Zhang, Jiaxing and Wang, Shaohua and Nguyen, Tien N},
  booktitle={Proceedings of the 31st ACM Joint European Software Engineering Conference and Symposium on the Foundations of Software Engineering},
  pages={758--770},
  year={2023}
}

@inproceedings{elkobi2023tipical,
  title={TIPICAL-Type Inference for Python In Critical Accuracy Level},
  author={Elkobi, Jonathan and Gruner, Bernd and Sonnekalb, Tim and Brust, Clemens-Alexander},
  booktitle={2023 IEEE/ACIS 21st International Conference on Software Engineering Research, Management and Applications (SERA)},
  pages={16--21},
  year={2023},
  organization={IEEE}
}

@inproceedings{peng2023generative,
  title={Generative Type Inference for Python},
  author={Peng, Yun and Wang, Chaozheng and Wang, Wenxuan and Gao, Cuiyun and Lyu, Michael R},
  booktitle={2023 38th IEEE/ACM International Conference on Automated Software Engineering (ASE)},
  pages={988--999},
  year={2023},
  organization={IEEE}
}

@inproceedings{zhao2023deepinfer,
  title={DeepInfer: Deep Type Inference from Smart Contract Bytecode},
  author={Zhao, Kunsong and Li, Zihao and Li, Jianfeng and Ye, He and Luo, Xiapu and Chen, Ting},
  booktitle={Proceedings of the 31st ACM Joint European Software Engineering Conference and Symposium on the Foundations of Software Engineering},
  pages={745--757},
  year={2023}
}

@inproceedings{wei2022typet5,
  title={TypeT5: Seq2seq Type Inference using Static Analysis},
  author={Wei, Jiayi and Durrett, Greg and Dillig, Isil},
  booktitle={The Eleventh International Conference on Learning Representations},
  year={2022}
}

@inproceedings{souza2023lexecutor,
  title={Lexecutor: Learning-guided execution},
  author={Souza, Beatriz and Pradel, Michael},
  booktitle={Proceedings of the 31st ACM Joint European Software Engineering Conference and Symposium on the Foundations of Software Engineering},
  pages={1522--1534},
  year={2023}
}

@inproceedings{jin2024pyanalyzer,
  title={PyAnalyzer: An Effective and Practical Approach for Dependency Extraction from Python Code},
  author={Jin, Wuxia and Xu, Shuo and Chen, Dawei and He, Jiajun and Zhong, Dinghong and Fan, Ming and Chen, Hongxu and Zhang, Huijia and Liu, Ting},
  booktitle={Proceedings of the IEEE/ACM 46th International Conference on Software Engineering},
  pages={1--12},
  year={2024}
}

@inproceedings{peng2022static,
  title={Static inference meets deep learning: a hybrid type inference approach for python},
  author={Peng, Yun and Gao, Cuiyun and Li, Zongjie and Gao, Bowei and Lo, David and Zhang, Qirun and Lyu, Michael},
  booktitle={Proceedings of the 44th International Conference on Software Engineering},
  pages={2019--2030},
  year={2022}
}

@article{jesse2022learning,
  title={Learning to predict user-defined types},
  author={Jesse, Kevin and Devanbu, Premkumar T and Sawant, Anand},
  journal={IEEE Transactions on Software Engineering},
  volume={49},
  number={4},
  pages={1508--1522},
  year={2022},
  publisher={IEEE}
}

@inproceedings{li2023pyrtfuzz,
  title={PyRTFuzz: Detecting Bugs in Python Runtimes via Two-Level Collaborative Fuzzing},
  author={Li, Wen and Yang, Haoran and Luo, Xiapu and Cheng, Long and Cai, Haipeng},
  booktitle={Proceedings of the 2023 ACM SIGSAC Conference on Computer and Communications Security},
  pages={1645--1659},
  year={2023}
}

@article{venkatkrishna2023docgen,
  title={DocGen: Generating Detailed Parameter Docstrings in Python},
  author={Venkatkrishna, Vatsal and Nagabushanam, Durga Shree and Simon, Emmanuel Iko-Ojo and Fard, Fatemeh H and Vidoni, Melina and Codabux, Zadia},
  journal={arXiv preprint arXiv:2311.06453},
  year={2023}
}

@article{chen2024risky,
  title={Risky Dynamic Typing Related Practices in Python: An Empirical Study},
  author={Chen, Zhifei and Chen, Lin and Yang, Yibiao and Feng, Qiong and Li, Xuansong and Song, Wei},
  journal={ACM Transactions on Software Engineering and Methodology},
  year={2024},
  publisher={ACM New York, NY}
}

@inproceedings{lukasczyk2022pynguin,
  title={Pynguin: Automated unit test generation for python},
  author={Lukasczyk, Stephan and Fraser, Gordon},
  booktitle={Proceedings of the ACM/IEEE 44th International Conference on Software Engineering: Companion Proceedings},
  pages={168--172},
  year={2022}
}

@misc{phptd,
    title = {PHP: Type Declarations},
    howpublished = {\url{https://www.php.net/manual/en/language.types.declarations.php}},
    note = {Accessed: 2024-05-23}
}

@inproceedings{bierman2014understanding,
  title={Understanding typescript},
  author={Bierman, Gavin and Abadi, Mart{\'\i}n and Torgersen, Mads},
  booktitle={ECOOP 2014--Object-Oriented Programming: 28th European Conference, Uppsala, Sweden, July 28--August 1, 2014. Proceedings 28},
  pages={257--281},
  year={2014},
  organization={Springer}
}

@article{kalliamvakou2016depth,
  title={An in-depth study of the promises and perils of mining GitHub},
  author={Kalliamvakou, Eirini and Gousios, Georgios and Blincoe, Kelly and Singer, Leif and German, Daniel M and Damian, Daniela},
  journal={Empirical Software Engineering},
  volume={21},
  pages={2035--2071},
  year={2016},
  publisher={Springer}
}

@inproceedings{white2015toward,
  title={Toward deep learning software repositories},
  author={White, Martin and Vendome, Christopher and Linares-V{\'a}squez, Mario and Poshyvanyk, Denys},
  booktitle={2015 IEEE/ACM 12th Working Conference on Mining Software Repositories},
  pages={334--345},
  year={2015},
  organization={IEEE}
}

@article{maunveiling,
  title={Unveiling Code Pre-Trained Models: Investigating Syntax and Semantics Capacities},
  author={Ma, Wei and Liu, Shangqing and Zhao, Mengjie and Xie, Xiaofei and Wang, Wenhang and Hu, Qiang and Zhang, Jie and Liu, Yang},
  journal={ACM Transactions on Software Engineering and Methodology},
  publisher={ACM New York, NY}
}

@inproceedings{hellendoorn2019code,
  title={When code completion fails: A case study on real-world completions},
  author={Hellendoorn, Vincent J and Proksch, Sebastian and Gall, Harald C and Bacchelli, Alberto},
  booktitle={2019 IEEE/ACM 41st International Conference on Software Engineering (ICSE)},
  pages={960--970},
  year={2019},
  organization={IEEE}
}

@inproceedings{peng2021empirical,
  title={An empirical study for common language features used in Python projects},
  author={Peng, Yun and Zhang, Yu and Hu, Mingzhe},
  booktitle={2021 IEEE International Conference on Software Analysis, Evolution and Reengineering (SANER)},
  pages={24--35},
  year={2021},
  organization={IEEE}
}

@article{venkatesh2023typeevalpy,
  title={TypeEvalPy: A Micro-benchmarking Framework for Python Type Inference Tools},
  author={Venkatesh, Ashwin Prasad Shivarpatna and Sabu, Samkutty and Wang, Jiawei and Mir, Amir M and Li, Li and Bodden, Eric},
  journal={arXiv preprint arXiv:2312.16882},
  year={2023}
}

@article{dargan2020survey,
  title={A survey of deep learning and its applications: a new paradigm to machine learning},
  author={Dargan, Shaveta and Kumar, Munish and Ayyagari, Maruthi Rohit and Kumar, Gulshan},
  journal={Archives of Computational Methods in Engineering},
  volume={27},
  pages={1071--1092},
  year={2020},
  publisher={Springer}
}

@article{le2020deep,
  title={Deep learning for source code modeling and generation: Models, applications, and challenges},
  author={Le, Triet HM and Chen, Hao and Babar, Muhammad Ali},
  journal={ACM Computing Surveys (CSUR)},
  volume={53},
  number={3},
  pages={1--38},
  year={2020},
  publisher={ACM New York, NY, USA}
}

@article{vassallo2020developers,
  title={How developers engage with static analysis tools in different contexts},
  author={Vassallo, Carmine and Panichella, Sebastiano and Palomba, Fabio and Proksch, Sebastian and Gall, Harald C and Zaidman, Andy},
  journal={Empirical Software Engineering},
  volume={25},
  pages={1419--1457},
  year={2020},
  publisher={Springer}
}

@inproceedings{johnson2013don,
  title={Why don't software developers use static analysis tools to find bugs?},
  author={Johnson, Brittany and Song, Yoonki and Murphy-Hill, Emerson and Bowdidge, Robert},
  booktitle={2013 35th International Conference on Software Engineering (ICSE)},
  pages={672--681},
  year={2013},
  organization={IEEE}
}

@inproceedings{fu2022linevul,
  title={Linevul: A transformer-based line-level vulnerability prediction},
  author={Fu, Michael and Tantithamthavorn, Chakkrit},
  booktitle={Proceedings of the 19th International Conference on Mining Software Repositories},
  pages={608--620},
  year={2022}
}

@article{zhang2023survey,
  title={A survey of learning-based automated program repair},
  author={Zhang, Quanjun and Fang, Chunrong and Ma, Yuxiang and Sun, Weisong and Chen, Zhenyu},
  journal={ACM Transactions on Software Engineering and Methodology},
  volume={33},
  number={2},
  pages={1--69},
  year={2023},
  publisher={ACM New York, NY}
}

@article{maunveiling,
  title={Unveiling Code Pre-Trained Models: Investigating Syntax and Semantics Capacities},
  author={Ma, Wei and Liu, Shangqing and Zhao, Mengjie and Xie, Xiaofei and Wang, Wenhang and Hu, Qiang and Zhang, Jie and Liu, Yang},
  journal={ACM Transactions on Software Engineering and Methodology},
  publisher={ACM New York, NY}
}

@article{schafer2023empirical,
  title={An empirical evaluation of using large language models for automated unit test generation},
  author={Sch{\"a}fer, Max and Nadi, Sarah and Eghbali, Aryaz and Tip, Frank},
  journal={IEEE Transactions on Software Engineering},
  year={2023},
  publisher={IEEE}
}

@phdthesis{orton2022dynamic,
  title={Dynamic Analysis for Concurrency Optmisation},
  author={Orton, Indigo},
  year={2022}
}

@article{luo2022depth,
  title={An in-depth study of microservice call graph and runtime performance},
  author={Luo, Shutian and Xu, Huanle and Lu, Chengzhi and Ye, Kejiang and Xu, Guoyao and Zhang, Liping and He, Jian and Xu, Chengzhong},
  journal={IEEE Transactions on Parallel and Distributed Systems},
  volume={33},
  number={12},
  pages={3901--3914},
  year={2022},
  publisher={IEEE}
}

@inproceedings{agesen1995cartesian,
  title={The cartesian product algorithm: Simple and precise type inference of parametric polymorphism},
  author={Agesen, Ole},
  booktitle={ECOOP’95—Object-Oriented Programming, 9th European Conference, {\AA}arhus, Denmark, August 7--11, 1995 9},
  pages={2--26},
  year={1995},
  organization={Springer}
}

@article{gao2023interpretability,
  title={Interpretability of machine learning: Recent advances and future prospects},
  author={Gao, Lei and Guan, Ling},
  journal={IEEE MultiMedia},
  year={2023},
  publisher={IEEE}
}

@misc{codestral,
    title = {Codestral: Empowering developers and democratising coding with Mistral AI.},
    howpublished = {\url{https://mistral.ai/news/codestral/}},
    note = {Accessed: 2024-07-03}
}

@book{mensbook,
title = "Software Ecosystems: Tooling and Analytics",
editor = "Tom Mens and {De Roover}, Coen and Anthony Cleve",
year = "2023",
publisher = "Springer",
}

% End of other related references